
@article{1,
	title = {Implementation critical success factors ({CSFs}) for {ERP}: Do they contribute to implementation success and post-implementation performance?},
	volume = {144},
	pages = {157--174},
	number = {1},
	journaltitle = {International Journal of Production Economics},
	author = {Ram, Jiwat and Corkindale, David and Wu, Ming-Lu},
	date = {2013}
}

@article{2,
	title = {Managing {ERP} implementation failure: a project management perspective},
	volume = {56},
	pages = {157--170},
	number = {1},
	journaltitle = {{IEEE} transactions on engineering management},
	author = {Chen, Charlie C and Law, Chuck {CH} and Yang, Samuel C},
	date = {2009}
}

@article{3,
	title = {The relationship between change management strategy and successful enterprise resource planning ({ERP}) implementations: A theoretical perspective},
	volume = {7},
	pages = {690--703},
	number = {4},
	journaltitle = {International Journal of Business Management and Economic Research},
	author = {Altamony, Hamzah and Al-Salti, Z and Gharaibeh, A and Elyas, T},
	date = {2016}
}

@article{4,
	title = {A theoretical review on {IT} project success/failure factors and evaluating the associated risks},
	author = {Taherdoost, Hamed and Keshavarzsaleh, Abolfazl},
	date = {2018}
}

@inproceedings{5,
	title = {Factors influencing project success criteria},
	volume = {2},
	pages = {566--571},
	booktitle = {2013 {IEEE} 7th International Conference on Intelligent Data Acquisition and Advanced Computing Systems ({IDAACS})},
	publisher = {{IEEE}},
	author = {Hussein, Bassam A},
	date = {2013}
}

@article{6,
	title = {Research on information systems failures and successes: Status update and future directions},
	volume = {17},
	pages = {143--157},
	number = {1},
	journaltitle = {Information Systems Frontiers},
	author = {Dwivedi, Yogesh K and Wastell, David and Laumer, Sven and Henriksen, Helle Zinner and Myers, Michael D and Bunker, Deborah and Elbanna, Amany and Ravishankar, {MN} and Srivastava, Shirish C},
	date = {2015}
}

@article{case_study,
  title={ICT risk management in organizations: Case studies in Thai business},
  author={Kumsuprom, Siridech and Corbitt, Brian and Pittayachawan, Siddhi},
  journal={ACIS 2008 Proceedings},
  pages={98},
  year={2008}
}